<?xml version="1.0" encoding="UTF-8"?><collection xmlns="http://www.loc.gov/MARC21/slim"><record><leader>00453nam--2200145-i-4500</leader><controlfield tag="001">000039604</controlfield><controlfield tag="002">20161230</controlfield><controlfield tag="005">20161230201042</controlfield><controlfield tag="008">060222s1000------------r-----000-0-eng-d</controlfield><datafield ind1=" " ind2=" " tag="080"><subfield code="a">681.3:778.3</subfield></datafield><datafield ind1=" " ind2=" " tag="100"><subfield code="a">Rosenfeld, Azriel</subfield></datafield><datafield ind1=" " ind2=" " tag="245"><subfield code="a">Picture processing by computer</subfield></datafield><datafield ind1=" " ind2=" " tag="260"><subfield code="a">New York, Acad.Press, 1969, X + 196p</subfield></datafield><datafield ind1=" " ind2=" " tag="490"><subfield code="a">Computer Science And Applied Mathematics. A Series Of Monographs And Textbooks. Ed.By Werner Rheinboldt</subfield></datafield><datafield ind1=" " ind2=" " tag="852"><subfield code="a">42595</subfield></datafield></record></collection>